@online{berners-leeThreeChallengesWeb2017,
  title = {Three Challenges for the Web, According to Its Inventor},
  author = {Berners-Lee, Tim},
  date = {2017-03-13T01:05:35Z},
  url = {https://web.archive.org/web/20170312054819/http://webfoundation.org/2017/03/web-turns-28-letter/},
  urldate = {2025-06-27},
  langid = {english}
}

@inproceedings{bizerLinkedDataStory2009,
  title = {Linked {{Data}} - {{The Story So Far}}},
  shorttitle = {Linked {{Data}} - {{The Story So Far}}},
  booktitle = {International {{Journal}} on {{Semantic Web}} and {{Information Systems}}},
  author = {Bizer, Christian and Heath, Tom and Berners-Lee, Tim},
  date = {2009-07-01},
  volume = {5},
  number = {3},
  pages = {1--22},
  issn = {1552-6283, 1552-6291},
  doi = {10.4018/jswis.2009081901},
  url = {https://services.igi-global.com/resolvedoi/resolve.aspx?doi=10.4018/jswis.2009081901},
  urldate = {2025-06-08},
  langid = {english}
}

@inproceedings{bothSolidBasedB2BData2025,
  title = {Towards {{Solid-Based B2B Data Value Chains}}},
  booktitle = {The {{Semantic Web}}: {{ESWC}} 2024 {{Satellite Events}}},
  author = {Both, Andreas and Yeboah, Dustin and Kastner, Thorsten and Schraudner, Daniel and Schmid, Sebastian and Braun, Christoph and Harth, Andreas and Käfer, Tobias},
  editor = {Meroño Peñuela, Albert and Corcho, Oscar and Groth, Paul and Simperl, Elena and Tamma, Valentina and Nuzzolese, Andrea Giovanni and Poveda-Villalón, Maria and Sabou, Marta and Presutti, Valentina and Celino, Irene and Revenko, Artem and Raad, Joe and Sartini, Bruno and Lisena, Pasquale},
  date = {2025},
  pages = {138--142},
  publisher = {Springer Nature Switzerland},
  location = {Cham},
  doi = {10.1007/978-3-031-78952-6_14},
  isbn = {978-3-031-78952-6},
  langid = {english}
}

@inproceedings{mecklerWebLinkedData2023,
  title = {The {{Web}} and {{Linked Data}} as a {{Solid Foundation}} for {{Dataspaces}}},
  booktitle = {Companion {{Proceedings}} of the {{ACM Web Conference}} 2023},
  author = {Meckler, Sascha and Dorsch, Rene and Henselmann, Daniel and Harth, Andreas},
  date = {2023-04-30},
  series = {{{WWW}} '23 {{Companion}}},
  pages = {1440--1446},
  publisher = {Association for Computing Machinery},
  location = {New York, NY, USA},
  doi = {10.1145/3543873.3587616},
  url = {https://dl.acm.org/doi/10.1145/3543873.3587616},
  urldate = {2025-05-03},
  isbn = {978-1-4503-9419-2}
}

@article{mollerIndustrialDataEcosystems2024,
  title = {Industrial Data Ecosystems and Data Spaces},
  author = {Möller, Frederik and Jussen, Ilka and Springer, Virginia and Gieß, Anna and Schweihoff, Julia Christina and Gelhaar, Joshua and Guggenberger, Tobias and Otto, Boris},
  date = {2024-08-06},
  journaltitle = {Electronic Markets},
  shortjournal = {Electron Markets},
  volume = {34},
  number = {1},
  pages = {41},
  issn = {1422-8890},
  doi = {10.1007/s12525-024-00724-0},
  url = {https://doi.org/10.1007/s12525-024-00724-0},
  urldate = {2025-05-03},
  langid = {english}
}

@report{sambraSolidPlatformDecentralized2016,
  title = {Solid: {{A Platform}} for {{Decentralized Social Applications Based}} on {{Linked Data}}},
  shorttitle = {Solid},
  author = {Sambra, Andrei Vlad and Mansour, Essam and Hawke, Sandro and Zereba, Maged and Greco, Nicola and Ghanem, Abdurrahman and Zagidulin, Dmitri and Aboulnaga, Ashraf and Berners-Lee, Tim},
  date = {2016},
  institution = {MIT CSAIL \& Qatar Computing Research Institute},
  url = {https://cs.brown.edu/courses/csci2390/2021/readings/solid.pdf},
  urldate = {2025-06-08}
}

@article{shoreZeroTrustWhat2021,
  title = {Zero {{Trust}}: {{The What}}, {{How}}, {{Why}}, and {{When}}},
  shorttitle = {Zero {{Trust}}},
  author = {Shore, Malcolm and Zeadally, Sherali and Keshariya, Astha},
  date = {2021-11},
  journaltitle = {Computer},
  volume = {54},
  number = {11},
  pages = {26--35},
  issn = {1558-0814},
  doi = {10.1109/MC.2021.3090018},
  url = {https://ieeexplore.ieee.org/document/9585170},
  urldate = {2025-06-08}
}

@artwork{solidcommunitygroupSolidemblemsvg2019,
  title = {Solid-Emblem.Svg},
  author = {{Solid Community Group}},
  date = {2019-08-29},
  url = {https://github.com/solid/solidproject.org/blob/466e64dc68d40a27b0a61df9970659d1f99a250c/assets/img/solid-emblem.svg},
  urldate = {2025-07-01}
}

@online{solidcommunitygroupSolidWebIDProfile2024,
  title = {Solid {{WebID Profile}}},
  author = {{Solid Community Group}},
  date = {2024-05-12},
  url = {https://web.archive.org/web/20241003071626/https://solid.github.io/webid-profile/},
  urldate = {2025-06-30}
}

@online{stalinskiBestBERZahlen2020,
  title = {Best of BER in Zahlen},
  author = {Stalinski, Sandra},
  date = {2020-10-31},
  url = {https://web.archive.org/web/20250214141257/https://www.tagesschau.de/inland/ber-in-zahlen-101.html},
  urldate = {2025-07-01},
  langid = {ngerman},
  organization = {tagesschau.de}
}
